%%%% Modelo para bibliografia - bibtex!

%%%manuais
COMPASS HEADING USING MAGNETOMETERS
@manual{man:Honeywell,
	organization={Honeywell},
	Title = {COMPASS HEADING USING MAGNETOMETERS},
	publisher={Honeywell},
	Year    = {1995},
	pages   = {2}
}

@manual{man:advancedmicrosystemStepControl,
	organization={Advanced Micro System},
	Title = {Stepper Motor
	System Basics},
	publisher={Step Control},
	Year    = {c2021},
	pages   = {9},
	pagename = {p.},
}

@manual{man:HSIcalibration,
	organization={VECTORNAV},
	Title = {MAGNETOMETER: HARD E SOFT IRON
	CALIBRATION},
	publisher={VECTORNAV},
	Year    = {c2021},
	url = {https://www.vectornav.com/resources/inertial-navigation-primer/specifications--and--error-budgets/specs-hsicalibration},
	urlaccessdate={11 dec. 2021}
}

@manual{manual:stepperMicrochip,
	Author  = {Jones, Douglas W.},
	Title = {Stepping Motors Fundamentals},
	publisher={Microchip Technology},
	Year    = {c2004},
	pages   = {22},
	pagename = {p.},
	url = {http://www.t-es-t.hu/download/microchip/an907a.pdf},
	urlaccessdate={15 jul. 2021}
}

@manual{manual:cambimu,
	Author  = {Woodman, Oliver J.},
	Title = {An introduction to inertial navigation},
	publisher={University of Cambridge},
	Year    = {2007},
	pages   = {37},
	pagename = {p.},
	url = {https://www.cl.cam.ac.uk/techreports/UCAM-CL-TR-696.pdf},
	urlaccessdate={16 jul. 2021}
}

@manual{apostilagps,
	Author  = {Jauch, Felipe E. and Silva, Larissa dos Santos and da Paz, Otacilio L.},
	Title = {SISTEMA DE POSICIONAMENTO GLOBAL - GPS},
	publisher={Universidade Federal do Paraná},
	Year    = {2014},
	url = {https://acervodigital.ufpr.br/bitstream/handle/1884/37756/APOSTILA%20GPS%202014.pdf},
	urlaccessdate={15 jul. 2021}
}


@manual{man:deepskystackerfaq,
	organization={Deep Sky Stacker},
	Title = {Light, Dark, Flat, Bias... What are they and how to create them?},
	publisher={Deep Sky Stacker},
	Year    = {c2021},
	url = {http://deepskystacker.free.fr/english/faq.htm#lightdarkflatoffset},
	urlaccessdate={12 jul. 2021}
}

@manual{man:btlecore52,
	organization={Bluetooth},
	Title = {Bluetooth Core Specification},
	publisher={Bluetooth SIG Proprietary},
	Year    = {2019},
	url = {https://www.bluetooth.org/docman/handlers/downloaddoc.ashx?doc_id=478726},
	urlaccessdate={12 jul. 2021}
}

@manual{man:deepskystackerBetterImages,
	organization={Deep Sky Stacker},
	Title = {How to create better images},
	publisher={Deep Sky Stacker},
	Year    = {c2021},
	url = {http://deepskystacker.free.fr/english/theory.htm},
	urlaccessdate={12 jul. 2021}
}

@manual{man:vanessacameras,
	Author  = {ALVES, Vanessa},
	Title   = {Tipos de máquinas fotográficas},
	publisher={Fotografia Dicas},
	Year    = {2018},
	edition = {4},
	pages   = {54},
	pagename = {p.},
	url={https://fotografiadicas.com.br/wp-content/uploads/2018/07/Tipos-de-M%C3%A1quinas-Fotogr%C3%A1ficas-Fotografia-Dicas-4a-Ed.pdf},
	urlaccessdate={12 jul. 2021}
}

@manual{man:claudia7licoes,
Author  = {REGINA, Claudia},
Title   = {Aprenda a Fotografar em 7 Lições},
Year    = {2013},
pages   = {18},
pagename = {p.},
}

@manual{man:texasI2C,
	Author  = {Valdez, Jonathan; Becker, Jared},
	Title   = {Understanding the I2C Bus},
	Year    = {2015},
	edition = {1},
	publisher = {Texas Instruments},
	pages   = {8}
}

@manual{man:texasI2Cpullup,
	Author  = {Arora, Rajan},
	Title   = {I2C Bus Pullup Resistor Calculation},
	Year    = {2015},
	edition = {1},
	publisher = {Texas Instruments},
	url = {https://sites.ifi.unicamp.br/soares/files/2017/03/Pull-up-slva689.pdf},
	pages   = {8}
}

@manual{site:materialdesign,
	organization={Material Fundation},
	Title = {Material Design},
	subtitle = {Introduction},
	publisher={Material Fundation},
	year={2021},
	edition = {},
	url = {https://material.io/design/introduction},
	urlaccessdate={16 mar. 2021}
}

@manual{site:androidstudio,
	organization={Google Developers},
	Title = {Android Studio},
	subtitle = {Guia do Usuário},
	publisher={Google},
	year={2021},
	edition = {},
	url = {https://developer.android.com/studio/intro},
	urlaccessdate={16 mar.2021}
}

@manual{man:MDTUFSM2015,
	address={Santa Maria},
	organization={UFSM-PRPGP. Universidade Federal de Santa Maria. Pr\'o-Reitoria de P\'os-Gradua{\c c}\~ao e Pesquisa},
	org-short={UFSM-PRPGP},
	pages={88},
	edition = {},
	publisher = {Editora da UFSM},
	title={Manual de dissertações e teses},
	subtitle={Estrutura e apresenta{\c c}{\~a}o de monografias, disserta{\c c}{\~o}es e teses},
	year={2015},
	url = {http://w3.ufsm.br/biblioteca/index.php/sib-ufsm/normas},
	Note    = {Acesso em 27 ago. 2017}
}


@manual{man:MDTUFSM2015,
address={Santa Maria},
organization={UFSM-PRPGP. Universidade Federal de Santa Maria. Pr\'o-Reitoria de P\'os-Gradua{\c c}\~ao e Pesquisa},
org-short={UFSM-PRPGP},
pages={88},
edition = {},
publisher = {Editora da UFSM},
title={Manual de dissertações e teses},
subtitle={Estrutura e apresenta{\c c}{\~a}o de monografias, disserta{\c c}{\~o}es e teses},
year={2015},
url = {http://w3.ufsm.br/biblioteca/index.php/sib-ufsm/normas},
Note    = {Acesso em 27 ago. 2017}
}

@manual{man:texasUART,
	address={Dallas},
	organization={Texas Instruments},
	pages={51},
	edition = {1},
	publisher = {Texas Instruments},
	title={KeyStone Architecture},
	subtitle={Universal Asynchronous Receiver/Transmitter (UART)},
	year={2010},
	url = {https://www.ti.com/lit/ug/sprugp1/sprugp1.pdf?ts=1636387120360},
	Note    = {Acesso em 8 nov. 2021}
}

%%% TCC ou trabalhos de conclusão de curso em geral (especialização, relatorio de estagio, mestrado, doutorado)
@monography{ tcc:tier2019,
Author  = {Eduardo Guasso Tier},
type    = {Trabalho de Conclusão de Curso},
Title   = {DESENVOLVIMENTO DE SISTEMAS DE MONITORAMENTO
EMPREGANDO TECNOLOGIA LORA EM UM PROTÓTIPO TIPO
FORMULA SAE},
Year    = 2019,
school  = {Curso de Engenharia de Controle e Automação, Universidade Federal de Santa Maria},
org-short = {UFSM},
address = {Santa Maria},
pages   = {120},
pagename= {f.},
Note    = { }
}

@monography{ tcc:viniciusPID2Graus,
	Author  = {VINÍCIUS NUNES LAGE},
	type    = {Trabalho de Conclusão de Curso},
	Title   = {DESENVOLVIMENTO DE UM CONTROLADOR PID
	PARA ESTABILIZAÇÃO DE UMA PLATAFORMA COM DOIS
	GRAUS DE LIBERDADE},
	Year    = 2016,
	school  = {Curso de Engenharia de Controle e Automação,Universidade Federal de Ouro Preto.},
	org-short = {UFOP},
	address = {Ouro Preto},
	pages   = {96},
	pagename= {f.},
	Note    = { }
}

@monography{ tcc:rafaelEESC,
	Author  = {Moura, Rafael Santos},
	type    = {Trabalho de Conclusão de Curso},
	Title   = {DESENVOLVIMENTO DE UM SISTEMA DE POSIÇÃO ESPACIAL INERCIAL},
	Year    = 2013,
	school  = {Curso de Engenharia Elétrica com ênfase em Eletrônica, Escola de Engenharia de São Carlos},
	org-short = {EESC},
	address = {São Carlos},
	pages   = {150},
	pagename= {f.},
	Note    = { }
} 
}

@mastersthesis{diss:ClaudioBluetooth,
	title={Arquitetura de Mobilidade Bluetooth},
	author={Takahasi, Claudio K.},
	type = {Mestrado em Ciência da Computação},
	year={2003},
	school  = {Universidade Federal de Pernambuco},
	org-short = {UFPE},
	address = {Recife},
	pages   = {116},
	pagename= {f.},
	Note    = { }
}

@mastersthesis{diss:FabioAUV,
	title={Modelagem e Implementação do Sistema de navegação para um AUV},
	author={Zanoni, Fábio D.},
	type = {Mestrado em Engenharia de Controle e Automação},
	year={2012},
	school  = {Escola Politécnica da Universiade de São Paulo},
	org-short = {POLI-USP},
	address = {São Paulo},
	pages   = {116},
	pagename= {f.},
	Note    = { }
}

@mastersthesis{diss:coimbraSergio,
	title={Ferramenta de Teste e Validação para Algoritmos
	de Fusão Sensorial},
	author={PATRÃO, Sérgio M. C.},
	type = {Mestrado em Instrumentação Biomédica},
	year={2015},
	school  = {Instituto Superior de Engenharia de Coimbra},
	org-short = {ISEC},
	address = {Coimbra},
	pages   = {90},
	pagename= {f.},
	Note    = { }
}

%%% tese de doutorado


@phdthesis{ tese:anabor2008,
    Author  = {Vagner Anabor},
    type    = {Doutorado em Física},
    Title   = {Sistemas Convectivos de Mesoescala no Sul da América do Sul: Propagação em Série Contra o Escoamento em Baixos Níveis},
    Year    = 2008,
    school  = {Universidade Federal de Santa Maria},
    org-short = {UFSM},
    address = {Santa Maria},
    pages   = {78},
    pagename= {f.},
    Note    = { }    
}



%%%% livro

@book{book:astrophotographyAmateur,
	Title = {Astrophotography for the Amateur},
	publisher={Cambridge University},
	author = {Covington, Michael A.},
	year={2006},
}

@book{book:bbcsky,
	Title = {The Complete Guide to Astrophotography.},
	publisher={BBC Sky at Night Magazine},
	author = {Lochun, Kev and
	Gater, Will and
	Lawrence, Pete and
	Money, Paul and
	Richards, Steve},
	year={2015},
}


@book{book:ANSIC,
	title = {Introduction to Embedded Systems: Using ANSI C and the Arduino Development Environment},
	publisher = {Morgan e Claypool},
	author = {Russel, David},
	pages={276},
	year = {2010}
}


@book{BarbosaEtAl2021InteracaoHumanoComputadorExperiencia,
	title = {Interação {Humano}-{Computador} e {Experiência} do {Usuário}},
	publisher = {Autopublicação},
	author = {Barbosa, Simone Diniz Junqueira and
	Silva, Bruno Santana da and
	Silveira, Milene Selbach and
	Gasparini, Isabela and
	Darin, Ticianne and
	Barbosa, Gabriel Diniz Junqueira},
	year = {2021}
}

@book{livro:astropratica,
  title={Astrofotografia Prática: O guia da Fotografia do Universo},
  author={Rodrigo Andolfato},
  year={2017},
  pages={454},
  address={Brasil},
  publisher={Clube de Autores}
}

%%%% livro de uma série

@book{livro:cotton1989,
  title={Storm and Cloud Dynamics},
  author={W. R. Cotton and R. A. Anthes},
  series ={International Geophysics Series},
  pages ={883},
  volume={44},
  year={1989},
  address ={San Diego},
  publisher={Academic Press}
}

%%%%% capítulo específico (autor da capitulo = autor do livro)

@inbook{cap:livro:djuric1994,
  title={Kinematics},
  booktitle={Weather analysis},
  author="Djuri{\'{c}}, Du\v{s}an",
  chapter={4},
  pages={50-68},
  year={1994},
  address = {New Jersey},
  publisher={Prentice Hall}
}


%%%%% capítulo específico (autor da capitulo != autor do livro ))


@incollection{ cap:livro:wyngaard1981,
    Author  = {J. C. Wyngaard},
    editor  = {F.T.M. Nieuwstadt And H. Von Dop},
    editortype= {Ed.},
    booktitle = {Atmospheric turbulence and air pollution modeling},
    Title   = {Boundary-Layer Modeling.},
    pages = {69-106},
    chapter = {3},
    Year    = 1981,
    edition = {},
    address = {Dordrecht},
    Publisher   = {D. Reidel Publishing Company},
    Note    = {}
}

%%%%% livros com diversos volumes

@book{livro:halliday28ed,
subtitle={Gravitação, Ondas e Termodinâmica},
title ={Fundamentos da Física},
author={David Halliday and Robert Resnick and Jearl Walker},
edition={8},
year={2008},
address={Rio de Janeiro},
publisher={Livros Técnicos e Científicos S.A.},
note={{v}. 2, 296 p.}
}


 

@book{livro:starwatch:v1,
	title={Star Watch},
	subtitle={The Amateur Astronomers Guide To Finding Observing And Learning About Over 125 Celestial Objects},
	author={Mack, John E.},
	publisher ={White Crow Books},
	year={2008},
	address = {London},
	note={{v}. 1, 304 p.},
}

@book{book:BluetoothDemystified,
	title={Bluetooth Demystified},
	author={J. Muller, Nathan},
	publisher ={McGraw-Hill},
	year={2000},
	note={{v}. 1, 396 p.},
}

@book{livro:fedorova:v1,
  title={Meteorologia sin{\'o}tica},
  author={Fedorova, Natalia},
  address={Pelotas},
  publisher ={Editora e Gráfica Universit{\'a}ria - UFPel},
  year={1999},
  note={{v}. 1, 256 p.}
}


@book{ livro:monin:v1,
    Author  = {A. S. Monin and A. M. Yaglom},
    title = {Statistical fluid mechanics},
    subtitle ={Mechanics of Turbulence},
    Year    = 2007,
    address = {London},
    publisher={Dover Publications},
    note={{v}. 1, 769 p.}
}


%%%% entrada para apud

@hidden{ apud:richardson1922,
    Author  = {L. F. Richardson},
    Title   = {Weather prediction by numerical process},
    Year    = 1922,
    Publisher   = {Cambrigde University Press},
    address = {Cambrigde},
    pages={236},
    Note    = {}
}


%%% artigos em periódicos

@Article{article:Yang2017,
	author={Yang, Weixin
	and Bajenov, Alexandr
	and Shen, Yantao},
	title={Improving low-cost inertial-measurement-unit (IMU)-based motion tracking accuracy for a biomorphic hyper-redundant snake robot},
	journal={Robotics and Biomimetics},
	year={2017},
	month={Nov},
	day={10},
	volume={4},
	number={1},
	pages={16},
	doi={10.1186/s40638-017-0069-z},
	url={https://doi.org/10.1186/s40638-017-0069-z}
}



@article{artigo:forscienceKalman,
	title={IMPLEMENTAÇÃO EM C: FILTRO DE KALMAN, FUSÃO DE SENSORES PARA
	DETERMINAÇÃO DE ÂNGULOS},
	author={Oliveira, Waldri dos S. ; Gon{\,c}alves, Eduardo N.},
	journal={ForScience},
	year={2017},
	volume={4}
}

@article{artigo:edjonescurved,
  title={Some Experiments with Curved Bolt Drives},
  author={Jones, Ed},
  journal={Sky and Telescope Magazine},
  year={1980}
}

@article{artigo:davidtrottinventions,
	author={Trott, Dave},
	title={Double Arm Barn-Door Drive},
	journal={Sky and Telescope Magazine},
	year = {1989},
	pages={436-441},
}

@article{artigo:garySeronik,
	author={Seronik, Gary},
	title={A Tracking Platform for Astrophotography},
	journal={Sky and Telescope Magazine},
	year = {2007},
}

@article{artigo:janjic2002,
  title={Nonsingular implementation of the Mellor--Yamada level 2.5 scheme in the NCEP Meso model},
  author={Janji{\'c}, Zavi{\v{s}}a I},
  journal={NCEP office note},
  volume={437},
  pages={61},
  year={2002}
}

%%%% anais de eventos

@InProceedings{calibrationMatrix,
	author="Kuncar, Ales
	and Sysel, Martin
	and Urbanek, Tomas",
	editor="Silhavy, Radek
	and Senkerik, Roman
	and Oplatkova, Zuzana Kominkova
	and Silhavy, Petr
	and Prokopova, Zdenka",
	title="Calibration of Triaxial Accelerometer and Triaxial Magnetometer for Tilt Compensated Electronic Compass",
	booktitle="Automation Control Theory Perspectives in Intelligent Systems",
	year="2016",
	publisher="Springer International Publishing",
	address="Cham",
	pages="45--52",
	abstract="This research paper describes the method for the calibration of accelerometer and magnetometer for tilt compensated electronic compass. The electronic compass is implemented using triaxial MEMS accelerometer and triaxial MEMS magnetometer. The heading of the compass is generally influenced by scale factors, offsets and misalignment errors of these sensors. The proposed calibration method determines twelve calibration parameters in six stationary positions for accelerometer and twelve calibration parameters in 3D rotations for magnetometer.",
	isbn="978-3-319-33389-2"
}



@INPROCEEDINGS{carusoSAE,	
	author={Caruso, M.J.},	
	journal="SAE International Congress and Exposition", 	
	publisher="SAE SP-1220",	
	title="Aplication of Magnetoresistive Sensors in Navigation Systems", 	
	year="1997",	
	month="Feb",	
	volume="",	
	url="",	
	pages="15-21",
	doi="10.4271/970602"
}
 
@INPROCEEDINGS{838300,
	author={Caruso, M.J.},
	booktitle={IEEE 2000. Position Location and Navigation Symposium (Cat. No.00CH37062)}, 
	title={Applications of magnetic sensors for low cost compass systems}, 
	year={2000},
	pages={177-184},
	doi={10.1109/PLANS.2000.838300}
}

@inproceedings{cbmet:anabor2012,
title = "Sistemas convectivos de mesoescala: serão todos {CCMs}?",
author = "Vagner Anabor and Vanessa Ferreira",
organization = {Congresso Brasileiro de Meteorologia},
conference-number ={17},
booktitle = "Anais eletr{\^o}nicos...",
publisher = "Sociedade Brasileira de Meteorologia",
address = "São Paulo",
conference-year = "2012",
conference-location = "Gramado",
year = "2012",
url = "http://www.sbmet.org.br/cbmet2012/pdfs/64ZA.pdf",
note = "Acesso em: 10/4/2015"
}


@inproceedings{puhalesBLT2010,
title = "Analysis of the turbulent kinetic energy budget in the planetary boundary layer by large eddy simulation",
author = "Franciano Scremin Puhales and Ot{\'a}vio Costa Acevedo and Umberto Rizza and Gerv{\'a}sio Annes Degrazia and Osvaldo L. L. de Morais",
organization = {Symposium on Boundary Layers and Turbulence},
conference-number ={19},
booktitle = "Anais eletr{\^o}nicos...",
publisher = "American Meteorological Society",
address = "Boston",
conference-year = "2010",
conference-location = "Keystone",
pages = {},
year = "2010",
url = "http://ams.confex.com/ams/19Ag19BLT9Urban/techprogram/paper_173113.htm",
note = "Acesso em: 10/5/2011"
}


%%%%% sites 


@misc{site:magFierce,
	author="{KONVALIN, C.}",
	Title = {Compensating for Tilt, Hard-Iron, and Soft-Iron Effects},
	publisher={Fierce Electronics},
	year={2009},
	url = {https://www.fierceelectronics.com/components/compensating-for-tilt-hard-iron-and-soft-iron-effects},
	urlaccessdate={6 dec. 2021}
}

@misc{site:pentaxBarnDoor,
	author="{DAVID, K.}",
	Title = {Astrophotography Part 3 of 6: Making a Barn Door Tracker},
	publisher={Pentax Foruns},
	year={2015},
	url = {https://www.pentaxforums.com/articles/photo-articles/astrophotography-part-3-barn-door-tracker.html},
	urlaccessdate={10 ago. 2021}
}

@misc{site:driftLupus,
	author="{OBSERVATÓRIO LUPUS}",
	Title = {Alinhamento pelo Método Drift},
	publisher={Observatório Astronônico Lupus},
	year={2014},
	url = {http://observatoriolupus.blogspot.com/2014/10/alinhamento-pelo-metodo-drift-derivacao.html?m=1},
	urlaccessdate={26 jul. 2021}
}


@misc{site:noicDecMag,
	author={NATIONAL CENTERS FOR ENVIRONMENTAL INFORMATION},
	Title = {Magnetic Field Calculators},
	publisher={National Oceanic and Atmospheric Administration},
	year={c2021},
	url = {https://www.ngdc.noaa.gov/geomag/calculators/magcalc.shtml#declination},
	urlaccessdate={27 jul. 2021}
}


@misc{site:importanciaAstroftoSantos,
	author={SANTOS, N. S.},
	Title = {A astrofotografia e sua importância para a astronomia},
	publisher={Educação Espacial},
	year={2010},
	url = {https://educacaoespacial.files.wordpress.com/2010/10/a-astrofotografia-e-sua-importncia-para-a-astronomia.pdf },
	urlaccessdate={19 fev. 2021}
}

@misc{site:introCabau,
	author={CABAU JÚNIOR, S. D.},
	Title = {Introdução à astrofotografia},
	publisher={Network for Astronomy School Education},
	year={2016},
	url = {http://sac.csic.es/astrosecundaria/complementario/pt/actividades/
	instrumentos/astrofotografia.pdf},
	urlaccessdate={20 fev. 2021}
}

@misc{site:brescolaAstrofoto,
	author={HELERBROCK, Rafael},
	Title = {História da Astronomia},
	publisher={Brasil Escola},
	year={c2021},
	url = {https://brasilescola.uol.com.br/fisica/historia-astronomia.htm.},
	urlaccessdate={20 fev. 2021}
}


@misc{site:ioptron,
	author={iOptron Corporation},
	Title = {SkyGuiderTM Pro camera mount full package},
	publisher={IOPTRON},
	year={c2021},
	url = {https://www.ioptron.com/product-p/3550.htm},	
	urlaccessdate={20 fev. 2021}
}


@misc{site:nyxtech,
	author={EGAN, M.},
	Title = {Nyx Tech},
	publisher={Nyx Tech},
	year={c2021},
	url = {https://nyxtech.us/},
	urlaccessdate={29 mar. 2021}
}

@misc{site:nyxtechtips,
	author={EGAN, M.},
	Title = {Tips and Tutorials},
	publisher={Nyx Tech},
	year={c2021},
	url = {https://nyxtech.us/pages/tips-tutorials},
	urlaccessdate={9 ago. 2021}
}

@misc{site:testingMSM,
	author={DYER, A.},
	Title = {Testing the MSM Tracker},
	publisher={The Amazing Sky},
	year={2019},
	url = {https://amazingsky.net/2019/08/22/testing-the-msm-tracker/},
	urlaccessdate={10 ago. 2021}
}

@misc{site:bresserpolarscope,
	author={BRESSER},
	Title = {BRESSER Polar Finder Scope for StarTracker},
	publisher={Bressr group of companies},
	year={c2021},
	url = {https://www.bresser.de/en/Astronomy/BRESSER-Polar-Finder-Scope-for-StarTracker-PM-100.html},
	urlaccessdate={11 ago. 2021}
}



@misc{site:kotlinxjava,
	author={REDKA, M.},
	Title = {Kotlin vs. Java},
	subtitle = {Which Programming Language to Choose for Your Android App},
	publisher={MLSDev},
	year={2021},
	url = {https://mlsdev.com/blog/kotlin-vs-java},
	urlaccessdate={16 mar. 2021}
}

@misc{site:500xNPF,
	author={COX, S.},
	Title = {00 Rule vs NPF Rule},
	subtitle = {Shutter Speed for Astrophotography},
	publisher={photographylife},
	year={2021},
	url = {https://photographylife.com/500-rule-vs-npf-rule},
	urlaccessdate={13 jul. 2021}
}

@misc{site:nielsenRealWorld,
	author={KALEY, A.},
	title={Match Between the System and the Real Worl},
	publisher={Nielsen Norman Group},
	year = {2018},
	url={https://www.nngroup.com/articles/match-system-real-world/},
	urlaccessdate={25 de junho de 2021}
}

@misc{site:nielsenFlexibility,
	author={LAUBHEIMER, P.},
	title={Flexibility and Efficiency of Use},
	publisher={Nielsen Norman Group},
	year = {2020},
	url={https://www.nngroup.com/articles/flexibility-efficiency-heuristic/},
	urlaccessdate={25 de junho de 2021}
}

@misc{site:nielsenError,
	author={LAUBHEIMER, P.},
	title={Preventing User Errors},
	publisher={Nielsen Norman Group},
	year = {2015},
	url={https://www.nngroup.com/articles/slips/},
	urlaccessdate={25 de junho de 2021}
}

@misc{site:nielsen,
	author={NIELSEN, J.},
	title={Usability Heuristics for User Interface Design.},
	publisher={Nielsen Norman Group},
	year = {2020},
	url={https://www.nngroup.com/articles/ten-usability-heuristics/},
	urlaccessdate={25 de junho de 2021}
}

@misc{site:nielsenIcon,
	author={HARLEY, A.},
	title={Icon Usability.},
	publisher={Nielsen Norman Group},
	year = {2014},
	url={https://www.nngroup.com/articles/icon-usability/},
	urlaccessdate={25 de junho de 2021}
}

@misc{site:nielsenRecall,
	author={BUDIU, R.},
	title={Memory Recognition and Recall in User Interfaces.},
	publisher={Nielsen Norman Group},
	year = {2020},
	url={https://www.nngroup.com/articles/recognition-and-recall/},
	urlaccessdate={25 de junho de 2021}
}

@misc{site:nielsenHelpandDoc,
	author={JOYCE, A.},
	title={Help and Documentation},
	publisher={Nielsen Norman Group},
	year = {2020},
	url={https://www.nngroup.com/articles/help-and-documentation/},
	urlaccessdate={25 de junho de 2021}
}


@misc{site:eduardoemonica,
	author={VIERO, E.},
	title={Os 3 pilares da fotografia},
	publisher={Eduardo e Mônica},
	year = {2018},
	url={https://www.eduardo-monica.com/new-blog/iso-velocidade-abertura-exposicao-fotografia},
	urlaccessdate={5 de julho de 2021}
}

@misc{site:analogI2c,
	author={AFZAL, S.},
	title={I2C Primer},
	publisher={Analog Devices},
	year = {c2021},
	url={https://www.analog.com/en/technical-articles/i2c-primer-what-is-i2c-part-1.html},
	urlaccessdate={13 de novembro de 2021}
}

@misc{site:altiumpcb,
	author={PETERSON, Z.},
	title={I2C vs. SPI vs. UART: How to Layout These Common Buses},
	publisher={Altium},
	year = {2020},
	url={https://resources.altium.com/p/i2c-vs-spi-vs-uart-how-layout-these-common-buses},
	urlaccessdate={13 de novembro de 2021}
}

@misc{site:devzonebtle,
author={DEVZONE},
title={Bluetooth low energy Services, a beginner's tutorial},
publisher={Nordic Semicondctor},
year = {2018},
url={https://devzone.nordicsemi.com/guides/short-range-guides/b/bluetooth-low-energy/posts/ble-services-a-beginners-tutorial},
urlaccessdate={13 de novembro de 2021}
}

@misc{site:MEMSHOTO,
	author={Nedelkovski, Dejan},
	title={What is MEMS? Accelerometer, Gyroscope \& Magnetometer with Arduino},
	publisher={How to Mechatronics},
	year = {2016},
	url={https://howtomechatronics.com/how-it-works/electrical-engineering/mems-accelerometer-gyrocope-magnetometer-arduino/},
	urlaccessdate={22 de novembro de 2021}
}

@misc{site:eletrogateguiamotor,
	author={Murta, José G. A.},
	title={Guia completo do Motor de Passo 28BYJ-48 e Driver ULN2003},
	publisher={Eletrogate},
	year = {2016},
	url={https://blog.eletrogate.com/guia-completo-do-motor-de-passo-28byj-48-driver-uln2003},
	urlaccessdate={22 de novembro de 2021}
}
